%YAML 1.1
%TAG !u! tag:unity3d.com,2011:
--- !u!1 &116252
GameObject:
  m_ObjectHideFlags: 0
  m_PrefabParentObject: {fileID: 0}
  m_PrefabInternal: {fileID: 100100000}
  serializedVersion: 4
  m_Component:
  - 4: {fileID: 453376}
  - 114: {fileID: 11495344}
  - 114: {fileID: 11481826}
  m_Layer: 0
  m_Name: GameController
  m_TagString: Untagged
  m_Icon: {fileID: 0}
  m_NavMeshLayer: 0
  m_StaticEditorFlags: 0
  m_IsActive: 1
--- !u!4 &453376
Transform:
  m_ObjectHideFlags: 1
  m_PrefabParentObject: {fileID: 0}
  m_PrefabInternal: {fileID: 100100000}
  m_GameObject: {fileID: 116252}
  m_LocalRotation: {x: 0, y: 0, z: 0, w: 1}
  m_LocalPosition: {x: 0, y: 0, z: 0}
  m_LocalScale: {x: 1, y: 1, z: 1}
  m_Children: []
  m_Father: {fileID: 0}
  m_RootOrder: 0
--- !u!114 &11481826
MonoBehaviour:
  m_ObjectHideFlags: 1
  m_PrefabParentObject: {fileID: 0}
  m_PrefabInternal: {fileID: 100100000}
  m_GameObject: {fileID: 116252}
  m_Enabled: 1
  m_EditorHideFlags: 0
  m_Script: {fileID: 11500000, guid: fc4db8c3eedbfac468f3b89a8c92818f, type: 3}
  m_Name: 
  m_EditorClassIdentifier: 
  columns: 10
  rows: 10
  levelID: medium
  floors:
  - {fileID: 183348, guid: d2b201deba6387240b6cd3784deb6fc4, type: 2}
  - {fileID: 134464, guid: 2a9d15a264b45f54aa2b2ab1723d89ee, type: 2}
  - {fileID: 109566, guid: 3449d8791e44c2a48a436471738de1e5, type: 2}
  - {fileID: 150720, guid: 3022075b8f124fa4e85588c44709691f, type: 2}
  - {fileID: 172992, guid: 43d50f0959fd4524696b90e23d3996dc, type: 2}
  - {fileID: 143148, guid: 57f3aced2c6a04f4d81e8501f786103d, type: 2}
  - {fileID: 179096, guid: 579ba90518ae9cc40807c41bff871218, type: 2}
  - {fileID: 157862, guid: 89deac888c3e28a468a9cf08da0bfb8b, type: 2}
  outerWalls:
  - {fileID: 165782, guid: ee7775ce878f9fa459c0c6d34882ce75, type: 2}
  - {fileID: 177606, guid: edbc8986ead12e54297718954d0cf31d, type: 2}
  - {fileID: 156800, guid: 4c59e9951b913c5418383bb7901c1f32, type: 2}
  wallObstacles:
  - {fileID: 188762, guid: 0e70ab2f097dcae4384fc80e30dbfef7, type: 2}
  - {fileID: 158762, guid: d1fff3e1f98c6b747aaf8822054acdd6, type: 2}
  - {fileID: 145266, guid: 8f284ebda5488c14cb050d01dae3caeb, type: 2}
  - {fileID: 180520, guid: c6728923fd2052849a836622840079ba, type: 2}
  - {fileID: 169832, guid: 3c5732414bbc46847b4b3b55741b6608, type: 2}
  - {fileID: 132438, guid: 6b0a3f8902563714c8c408277c1fb30a, type: 2}
  - {fileID: 155170, guid: 2659c6848158d734facb7b39d2100524, type: 2}
  - {fileID: 100692, guid: d613b5768497fb44ab343a1db5b10362, type: 2}
  foodItems:
  - {fileID: 130626, guid: b1c56956bca0c32448951bceeb7b7873, type: 2}
  - {fileID: 173234, guid: a685fa585228c9645adaf25b126e0fee, type: 2}
  - {fileID: 137830, guid: be517af3b9f55cc498b6ed0848031c39, type: 2}
  - {fileID: 100692, guid: 82030cf7158461048bcac06940ddf86b, type: 2}
  enemies:
  - {fileID: 119916, guid: 98fe3e0ae36d9e247a90666958eadb95, type: 2}
  - {fileID: 172966, guid: c0ffbc067e12060479660e595065ee5e, type: 2}
  - {fileID: 159190, guid: 498204962b1b09a49bfbb9785b7fa9ed, type: 2}
  - {fileID: 195658, guid: 1c89007a81a57cb41bdcb770b7f55875, type: 2}
  exit: {fileID: 173186, guid: 5f710239dfc8e854b8dee77b98ed72f4, type: 2}
--- !u!114 &11495344
MonoBehaviour:
  m_ObjectHideFlags: 1
  m_PrefabParentObject: {fileID: 0}
  m_PrefabInternal: {fileID: 100100000}
  m_GameObject: {fileID: 116252}
  m_Enabled: 1
  m_EditorHideFlags: 0
  m_Script: {fileID: 11500000, guid: 4e2877c46020d6d47ade626557891b61, type: 3}
  m_Name: 
  m_EditorClassIdentifier: 
  isPlayerTurn: 0
  areEnemiesMoving: 0
  playerCurrentHealth: 50
  knightCurrentHealth: 30
  gameOversound: {fileID: 8300000, guid: bbdad7cac71eab54fb165d6131d31772, type: 3}
  player: {fileID: 0}
  currentLevel: 1
--- !u!1001 &100100000
Prefab:
  m_ObjectHideFlags: 1
  serializedVersion: 2
  m_Modification:
    m_TransformParent: {fileID: 0}
    m_Modifications: []
    m_RemovedComponents: []
  m_ParentPrefab: {fileID: 0}
  m_RootGameObject: {fileID: 116252}
  m_IsPrefabParent: 1
